

@booklet{Barometerkorrektur,
	author = {{MessCom GmbH}},
	year = {09.2007},
	title = {Betriebsanleitung Quecksilber-Barometer nach LAMBRECHT (604)},
	url = {http://www.messcom.de/MESSCOM/MDO/pdfs/005_Druck/Quecksilber-Barometer\%20604\%20Bedienanl.pdf},
	adress = {},
	lastchecked = {01.06.2020}
}

@book{lideCRCHandbookChemistry1994,
  title = {{{CRC}} Handbook of Chemistry and Physics: A Ready-Reference Book of Chemical and Physical Data},
  shorttitle = {{{CRC}} Handbook of Chemistry and Physics},
  author = {Lide, David R.},
  year = {1994},
  edition = {75},
  publisher = {{CRC Press}},
  address = {{Boca Raton [u.a.]}},
  file = {/home/wm/Zotero/storage/NDQI68GC/PPN.html},
  isbn = {978-0-8493-0475-0},
  keywords = {Chemie / Physik},
  lccn = {35.00 110{$<$}75{$>$}/1}
}


@booklet{refraktometer,
	title = {Refraktometer},
	url = {https://roempp.thieme.de/lexicon/RD-18-00625#},
	abstract = {},
	author = {{Hans-Jochen Foth, Ingrid Brehm}},
	lastchecked = {17.07.2020},
	note = {Library Catalog: roempp.thieme.de},
	file = {Snapshot:/home/wm/Zotero/storage/L9WMTKT3/RD-18-00625.html:text/html}
}
 .   Lide, D.R., and Kehiaian, H.V., CRC Handbook of Thermophysical and ThermochemicalData, CRC Press, Boca Raton, FL, 1994.
    
    Horsley, L.H., Azeotropic Data, III, American Chemical Society, Washington, D.C., 1973.
@booklet{refraktometer,
	author = {{}},
	year = {},
	title = {},
	url = {},
	lastchecked = {02.06.2020}
}
@book{azeotrop1,
	title = {CRC Handbook of Thermophysical and Thermochemical Data},
	author = {Lide, D.R., and Kehiaian},
	year = {1994},
	publisher = {{CRC Press}},
	address = {{Boca Raton [u.a.]}}
}


@book{azeotrop2,
	title = {Azeotropic Data III},
	author = {Horsley, L.H.},
	year = {1973},
	publisher = { American Chemical Society, Washington D.C.}
}
	






@booklet{,
	author = {{}},
	year = {},
	title = {},
	url = {},
	lastchecked = {02.06.2020}
}


@booklet{,
	author = {{}},
	year = {},
	title = {},
	url = {},
	lastchecked = {02.06.2020}
}


@booklet{,
	author = {{}},
	year = {},
	title = {},
	url = {},
	lastchecked = {02.06.2020}
}


@booklet{,
	author = {{}},
	year = {},
	title = {},
	url = {},
	lastchecked = {02.06.2020}
}


@booklet{,
	author = {{}},
	year = {},
	title = {},
	url = {},
	lastchecked = {02.06.2020}
}




